@article{nds210,
title = {Nuclear Data Sheets for A = 210},
journal = {Nuclear Data Sheets},
volume = {99},
number = {3},
pages = {649 - 752},
year = {2003},
doi = {DOI:10.1006/ndsh.2003.0011},
author = {E. Browne}
}

@article{nds208,
title = {Nuclear Data Sheets for A = 208},
journal = {Nuclear Data Sheets},
volume = {108},
number = {8},
pages = {1583 - 1806},
year = {2007},
doi = {DOI:10.1016/j.nds.2007.07.001},
author = {M.J. Martin}
}

@article{nds214,
title = {Nuclear data sheets for A = 214},
journal = {Nuclear Data Sheets},
volume = {21},
number = {4},
pages = {437 - 466},
year = {1977},
doi = {DOI:10.1016/S0090-3752(77)80026-4},
author = {K.S. Toth}
}

@article{nds60,
title = {Nuclear Data Sheets for A = 60},
journal = {Nuclear Data Sheets},
volume = {100},
number = {3},
pages = {347 - 481},
year = {2003},
doi = {DOI:10.1006/ndsh.2003.0017},
author = {J. K. Tuli}
}

@article{nds57,
title = {Nuclear Data Sheets for A = 57},
journal = {Nuclear Data Sheets},
volume = {85},
number = {3},
pages = {415 - 536},
year = {1998},
doi = {DOI:10.1006/ndsh.1998.0021},
author = {M. R. Bhat}
}

@book{sie65,
title = {Alpha-, Beta-, and Gamma-Ray Spectroscopy},
author = {K. Siegbahn},
year = {1965}
}

@MISC{nuc11,
  author = {{European Commission, Joint Research Centre}},
  title = {Nucleonica},
  url = {www.nucleonica.net}
}

@article{nds46,
title = {Nuclear Data Sheets for A = 46},
journal = {Nuclear Data Sheets},
volume = {91},
number = {1},
pages = {1 - 116},
year = {2000},
doi = {DOI:10.1006/ndsh.2000.0014},
author = {S. C. Wu}
}

@MISC{nud25,
  author = {{Brookhaven National Laboratory}},
  title = {NuDat 2.5},
  url = {http://www.nndc.bnl.gov/nudat2}
}

@article{nds59,
title = {Nuclear Data Sheets for A = 59},
journal = {Nuclear Data Sheets},
volume = {95},
number = {2},
pages = {215 - 386},
year = {2002},
doi = {DOI:10.1006/ndsh.2002.0004},
author = {Coral M. Baglin}
}

@article{nds56,
title = {Nuclear Data Sheets for A = 56},
journal = {Nuclear Data Sheets},
volume = {86},
number = {2},
pages = {315 - 424},
year = {1999},
doi = {DOI:10.1006/ndsh.1999.0004},
author = {Huo Junde}
}

@article{nds73,
title = {Nuclear Data Sheets for A = 73},
journal = {Nuclear Data Sheets},
volume = {101},
number = {2},
pages = {193 - 323},
year = {2004},
doi = {DOI:10.1016/j.nds.2004.01.002},
author = {Balraj Singh}
}

@article{nds74,
title = {Nuclear Data Sheets for A = 74},
journal = {Nuclear Data Sheets},
volume = {107},
number = {7},
pages = {1923 - 2102},
year = {2006},
doi = {DOI:10.1016/j.nds.2006.05.006},
author = {Balraj Singh and Ameenah R. Farhan}
}

@article{nist,
title = {Tables of X-Ray Mass Attenuation Coefficients and Mass Energy-Absorption Coefficients from 1 keV to 20 MeV for Elements Z = 1 to 92 and 48 Additional Substances of Dosimetric Interest},
journal = {Ionizing Radiation Division, Physics Laboratory, NIST},
year = {2010},
author = {J. H. Hubbell and S. M. Seltzer}
}
